% Encoding: UTF-8
@article{ChaiEtAl2021,
  title   = {Deep learning in computer vision: A critical review of emerging techniques and application scenarios},
  journal = {Machine Learning with Applications},
  volume  = {6},
  pages   = {100134},
  year    = {2021},
  issn    = {2666-8270},
  doi     = {https://doi.org/10.1016/j.mlwa.2021.100134},
  url     = {https://www.sciencedirect.com/science/article/pii/S2666827021000670},
  author  = {Junyi Chai and Hao Zeng and Anming Li and Eric W.T. Ngai}
}

@article{Creeger2009,
  author  = {Creeger, Mache},
  journal = {Communications of the ACM},
  number  = {8},
  pages   = {50--56},
  title   = {{CTO Roundtable: Cloud Computing}},
  volume  = {52},
  year    = {2009}
}

@article{DongEtAl2024,
  author  = {Dong, C., Du, G},
  title   = {{An enhanced real-time human pose estimation method based on modified YOLOv8 framework}},
  year    = {2024},
  volume  = {14},
  number  = {1},
  journal = {Scientific Reports}
}

@article{JanieschEtAl2021,
  author       = {Janiesch, C., Zschech, P. & Heinrich, K},
  title        = {Machine learning and deep learning},
  journaltitle = {Electron Markets},
  year         = {2021},
  pages        = {685â€“695},
  doi          = {10.1007/s12525-021-00475-2},
  url          = {https://link.springer.com/article/10.1007/s12525-021-00475-2}
}

@article{JiangEtAl2022,
  author       = {Jiang, Y., Li, X., Luo, H. et al},
  title        = {Quo vadis artificial intelligence?},
  journaltitle = {Discover Artificial Intelligence},
  year         = {2022},
  pages        = {19},
  doi          = {10.1007/s44163-022-00022-8},
  url          = {https://link.springer.com/article/10.1007/s44163-022-00022-8}
}

@book{Knuth1998,
  author    = {Knuth, Donald E.},
  title     = {The art of computer programming,  volume 3: (2nd ed.) sorting and searching},
  year      = {1998},
  publisher = {Addison Wesley Longman Publishing Co., Inc.},
  address   = {Redwood City, CA, USA}
}

@article{Kouassi2023,
  author       = {Kouassi, Konan Jean-Claude},
  title        = {A Comprehensive Overview of Artificial Intelligence},
  journaltitle = {Computer Science Conference Proceedings in Computer Science & Information Technology (CS & IT) series, Forthcoming},
  year         = {2023},
  pages        = {22},
  doi          = {10.2139/ssrn.4311525},
  url          = {https://ssrn.com/abstract=4311525}
}

@book{Pollefliet2011,
  author    = {Pollefliet, Leen},
  title     = {Schrijven van verslag tot eindwerk: do's en don'ts},
  year      = {2011},
  publisher = {Academia Press},
  address   = {Gent}
}

@article{SharifaniEtAl2023,
  author       = {Sharifani, Koosha and Amini, Mahyar},
  title        = {Machine Learning and Deep Learning: A Review of Methods and Applications},
  journaltitle = {World Information Technology and Engineering Journal},
  year         = {2023},
  pages        = {3897-3904},
  url          = {https://ssrn.com/abstract=4458723}
}

@article{SiddharthEtAl2021,
  author  = {Sen, Siddharth and Maheshwari, Somya and Kumar, Ankit},
  journal = {Proceedings of the International Conference on Innovative Computing & Communication (ICICC)},
  title   = {{Review of Recent Developments in Human Pose Estimation}},
  pages   = {5},
  year    = {2021}
}

@article{ZhaoEtAl2024,
  author  = {Zhao, X., Wang, L., Zhang, Y. et al},
  journal = {Artificial Intelligence Review},
  number  = {99},
  title   = {{A review of convolutional neural networks in computer vision}},
  volume  = {57},
  year    = {2024}
}

@article{ZhengEtAl2023,
  author   = {Zheng, Ce and Wu, Wenhan and Chen, Chen and Yang, Taojiannan and Zhu, Sijie and Shen, Ju and Kehtarnavaz, Nasser and Shah, Mubarak},
  title    = {{Deep Learning-based Human Pose Estimation: A Survey}},
  year     = {2023},
  volume   = {56},
  number   = {1},
  journal  = {ACM Comput. Surv.},
  numpages = {37}
}



@Comment{jabref-meta: databaseType:biblatex;}
