% Encoding: UTF-8

% @Article{SabiEtAl2016,
 author       = {Sabi, Humphrey M. and Uzoka, Faith-Michael E. and Langmia, Kehbuma and Njeh, Felix M.},
 title        = {Conceptualizing a model for adoption of cloud computing in education},
 journaltitle = {International Journal of Information Management},
  year         = {2016},
  volume       = {36},
  number       = {2},
  pages        = {183--191},
  doi          = {10.1016/j.ijinfomgt.2015.11.010},
  url          = {http://www.sciencedirect.com/science/article/pii/S0268401215001115},
}

% @Online{LewisFowler2014,
  author    = {Lewis, James and Fowler, Martin},
  title     = {Microservices: a definition of this new architectural term},
  date      = {2014-03-25},
  url       = {http://martinfowler.com/articles/microservices.html},
  urldate   = {2016-09-01},
}

% @Online{Hykes2013,
  author    = {Solomon Hykes},
  title     = {The future of Linux Containers (PyCon 2013)},
  date      = {2013-03-21},
  url       = {https://www.youtube.com/watch?v=wW9CAH9nSLs},
  urldate   = {2016-09-01},
}

@Article{MyerEtAl2009,
  author       = {Myer, Gregory D and Quatman, Carmen E and Khoury, Jane and Wall, Eric J and Hewett, Timothy E},
  title        = {Youth Versus Adult “Weightlifting” Injuries Presenting to United States Emergency Rooms: Accidental Versus Nonaccidental Injury Mechanisms},
  journaltitle = {Journal of Strength and Conditioning Research},
  year         = {2009},
  pages        = {2054-2060},
  doi          = {10.1519/JSC.0b013e3181b86712},
  url          = {https://journals.lww.com/nsca-jscr/fulltext/2009/10000/Youth_Versus_Adult__Weightlifting__Injuries.00020.aspx},
}

@Article{JosyulaEtAl2021,
  author       = {Josyula, R. and Ostadabbas, S.},
  title        = {A Review on Human Pose Estimation},
  journaltitle = {Summer 2021 Independent Study},
  year         = {2021},
  pages        = {1-24},
  doi          = {10.48550/arXiv.2110.06877},
  url          = {https://arxiv.org/pdf/2110.06877},
}

@Article{ParasharEtAl2023,
  author       = {Parashar, D. and Mishra, O. and Sharma, K. and Kukker, A.},
  title        = {Improved Yoga Pose Detection Using MediaPipe and MoveNet in a Deep Learning Model},
  journaltitle = {Revue d'Intelligence Artificielle},
  year         = {2023},
  pages        = {1197-1202},
  doi          = {10.18280/ria.370511},
  url          = {https://pdfs.semanticscholar.org/4b32/445ffa4133005af81e7c37322db935b606d1.pdf},
}




@Comment{jabref-meta: databaseType:biblatex;}
